@article{par_computing,
author = {Navarro,Cristóbal A. and Hitschfeld-Kahler,Nancy and Mateu,Luis},
title = {A Survey on Parallel Computing and its Applications in Data-Parallel Problems Using GPU Architectures},
journal = {Communications in Computational Physics},
volume = {15},
issue = {02},
month = {2},
year = {2014},
issn = {1991-7120},
pages = {285--329},
numpages = {45},
doi = {10.4208/cicp.110113.010813a}
}

@article{mvjdev,
author={Vujosevic Janicic Milena M,Kuncak Viktor},
year={2012},
title={Development and Evaluation of LAV: An SMT-Based Error Finding Platform System Description},
journal={VERIFIED SOFTWARE: THEORIES, TOOLS, EXPERIMENTS}
} 

@phdthesis{mvjphd,
    title    = {Automatsko generisanje i proveravanje uslova ispravnosti programa},
    school   = {Matematički fakultet, Univerzitet u Beogradu},
    author   = {Milena Vujošević Janičić},
    year = {2013}
}

@online{par_history,
author = {Gregory V. Wilson},
title = {The History of the Development of Parallel Computing (https://webdocs.cs.ualberta.ca/~paullu/C681/parallel.timeline.html)}
}

@article{par_various,
author = {Ankita Bhalla},
title = {Various Ways of Parallelization of Sequential Programs},
journal = {International Journal of Engineering Research and Technology},
volume = {3},
issue = {1},
month = {1},
year = {2014},
issn = { 2278-0181}
}

@article{performance,
    author = {Sartaj Sahni and Venkat Thanvantri},
    title = {Parallel Computing: Performance Metrics and Models},
    institution = {},
    year = {1995}
}
@book{princ_prac	,
   title =     {Concurrent programming: principles and practice},
   author =    {Gregory R Andrews },
   publisher = {The Benjamin/Cummings},
   isbn =      {0805300864,9780805300864},
   year =      {1991}
 }
@book{lang_prag,
 author = {Scott, Michael L.},
 title = {Programming Language Pragmatics, Third Edition},
 year = {2009},
 isbn = {0123745144, 9780123745149},
 edition = {3rd},
 publisher = {Morgan Kaufmann Publishers Inc.},
 address = {San Francisco, CA, USA}
}

@book{art_conc,
 author = {Breshears, Clay},
 title = {The Art of Concurrency: A Thread Monkey's Guide to Writing Parallel Applications},
 year = {2009},
 isbn = {0596521537, 9780596521530},
 publisher = {O'Reilly Media, Inc.}
} 

@book{opsis,
 author = {Miroslav Marić},
 title = {Operativni sistemi},
 year = {2015},
 isbn = {978-86-7589-101-7},
 publisher = {Univerzitet u Beogradu - Matematički fakultet}
} 

@article{verif_tech,
  AUTHOR    = { D'Silva, Vijay
                and Kroening, Daniel
                and Weissenbacher, Georg },
  TITLE     = { A Survey of Automated Techniques for Formal Software Verification },
  YEAR      = { 2008 },
  PUBLISHER = { IEEE },
  JOURNAL   = { IEEE Transactions on Computer-Aided Design of Integrated Circuits and Systems (TCAD) },
 }

@article{symbolic_exec,
 author = {King, James C.},
 title = {Symbolic Execution and Program Testing},
 journal = {Commun. ACM},
 year    = { 1976 },
 issue_date = {July 1976},
 doi = {10.1145/360248.360252},
 acmid = {360252},
 publisher = {ACM},
 address = {New York, NY, USA}
} 

@book{testing,
 author = {Kaner, Cem and Falk, Jack L. and Nguyen, Hung Quoc},
 title = {Testing Computer Software, Second Edition},
 year = {1999},
 isbn = {0471358460},
 edition = {2nd},
 publisher = {John Wiley \& Sons, Inc.},
 address = {New York, NY, USA}
} 

@article{pagai,
 author = {Henry, Julien and Monniaux, David and Moy, Matthieu},
 title = {PAGAI: A Path Sensitive Static Analyser},
 journal = {Electron. Notes Theor. Comput. Sci.},
 issue_date = {December, 2012},
 volume = {289},
 year = {2012},
 publisher = {Elsevier Science Publishers B. V.}
} 
@inproceedings{llbmc,
 author = {Merz, Florian and Falke, Stephan and Sinz, Carsten},
 title = {LLBMC: Bounded Model Checking of C and C\&\#43;\&\#43; Programs Using a Compiler IR},
 booktitle = {Proceedings of the 4th International Conference on Verified Software: Theories, Tools, Experiments},
 isbn = {978-3-642-27704-7},
 publisher = {Springer-Verlag}
 }
 
 @inproceedings{klee,
 author = {Cadar, Cristian and Dunbar, Daniel and Engler, Dawson},
 title = {KLEE: Unassisted and Automatic Generation of High-coverage Tests for Complex Systems Programs},
 booktitle = {Proceedings of the 8th USENIX Conference on Operating Systems Design and Implementation},
 publisher = {USENIX Association}
}  

@inproceedings{cbmc,
  AUTHOR    = { Clarke, Edmund
                and Kroening, Daniel
                and Lerda, Flavio },
  TITLE     = { A Tool for Checking {ANSI-C} Programs },
  BOOKTITLE = { Tools and Algorithms for the Construction and Analysis of Systems (TACAS 2004) },
  YEAR      = { 2004 },
  PUBLISHER = { Springer },
  PAGES     = { 168--176 },
  ISBN      = { 3-540-21299-X },
  SERIES    = { Lecture Notes in Computer Science },
  VOLUME    = { 2988 },
  EDITOR    = { Kurt Jensen and Andreas Podelski }
}